@book{БеленькийМикеровМоментныйПривод,
  title={Бесконтактный моментный привод для многофункциональных систем автоматического управления},
  author={Беленький, Юрий Миронович. and Микеров, Александр Геннадьевич},
  publisher={Энергоатомиздат},
  year={1991},
  address={Москва}
}

@misc{Машиноаппарат,
  title={Примеры применения},
  organization={ОАО "МАШИНОАППАРАТ"},
  howpublished="\url{http://mashap.maverick.ru/}",
  year= 2015,
  note="Обращение: 10.04.2021"
}